<record xmlns="http://www.loc.gov/MARC21/slim">
  <leader>01072cam a2200265I  4500</leader>
  <controlfield tag="001">ocm03210333</controlfield>
  <controlfield tag="005">20040713150317.0</controlfield>
  <controlfield tag="008">770822s1877    nyu           000 0 eng d</controlfield>
  <datafield tag="010" ind1=" " ind2=" ">
    <subfield code="a">02028208</subfield>
  </datafield>
  <datafield tag="019" ind1=" " ind2=" ">
    <subfield code="a">13284051</subfield>
  </datafield>
  <datafield tag="040" ind1=" " ind2=" ">
    <subfield code="a">OCP</subfield>
    <subfield code="c">OCP</subfield>
    <subfield code="d">PIT</subfield>
    <subfield code="d">OCL</subfield>
    <subfield code="d">OCLCQ</subfield>
    <subfield code="d">MIA</subfield>
  </datafield>
  <datafield tag="049" ind1=" " ind2=" ">
    <subfield code="a">MIA4</subfield>
  </datafield>
  <datafield tag="090" ind1=" " ind2=" ">
    <subfield code="a">QA103</subfield>
    <subfield code="b">.R285 1877</subfield>
  </datafield>
  <datafield tag="100" ind1="1" ind2=" ">
    <subfield code="a">Ray, Joseph,</subfield>
    <subfield code="d">1807-1855</subfield>
  </datafield>
  <datafield tag="245" ind1="1" ind2="0">
    <subfield code="a">Ray&apos;s new primary arithmetic for young learners</subfield>
  </datafield>
  <datafield tag="260" ind1=" " ind2=" ">
    <subfield code="a">New York,</subfield>
    <subfield code="a">Cincinnati,</subfield>
    <subfield code="a">Chicago,</subfield>
    <subfield code="b">American Book Co. from the press of Van Antwerp, Bragg &amp; Co.</subfield>
    <subfield code="c">[c1877]</subfield>
  </datafield>
  <datafield tag="300" ind1=" " ind2=" ">
    <subfield code="a">94, [2] p.</subfield>
    <subfield code="c">18 cm</subfield>
  </datafield>
  <datafield tag="490" ind1="0" ind2=" ">
    <subfield code="a">Eclectic educational series</subfield>
  </datafield>
  <datafield tag="500" ind1=" " ind2=" ">
    <subfield code="a">Printed at Eclectic Press</subfield>
  </datafield>
  <datafield tag="590" ind1=" " ind2=" ">
    <subfield code="a">Special Collections copy contains notations by previous owner</subfield>
  </datafield>
  <datafield tag="650" ind1=" " ind2="0">
    <subfield code="a">Arithmetic</subfield>
    <subfield code="v">Early works to 1900</subfield>
  </datafield>
  <datafield tag="907" ind1=" " ind2=" ">
    <subfield code="a">.b31229141</subfield>
    <subfield code="b">07-13-04</subfield>
    <subfield code="c">07-13-04</subfield>
  </datafield>
  <datafield tag="998" ind1=" " ind2=" ">
    <subfield code="a">spe</subfield>
    <subfield code="b">07-13-04</subfield>
    <subfield code="c">m</subfield>
    <subfield code="d">a</subfield>
    <subfield code="e">-</subfield>
    <subfield code="f">eng</subfield>
    <subfield code="g">nyu</subfield>
    <subfield code="h">0</subfield>
    <subfield code="i">1</subfield>
  </datafield>
  <datafield tag="945" ind1=" " ind2=" ">
    <subfield code="g">1</subfield>
    <subfield code="j">0</subfield>
    <subfield code="l">specs</subfield>
    <subfield code="n">Schoolbook Collection</subfield>
    <subfield code="o">-</subfield>
    <subfield code="p">$0.00</subfield>
    <subfield code="q"> </subfield>
    <subfield code="r"> </subfield>
    <subfield code="s">o</subfield>
    <subfield code="t">21</subfield>
    <subfield code="u">0</subfield>
    <subfield code="v">0</subfield>
    <subfield code="w">0</subfield>
    <subfield code="x">0</subfield>
    <subfield code="y">.i4141343x</subfield>
    <subfield code="z">07-13-04</subfield>
  </datafield>
  <datafield tag="945" ind1=" " ind2=" ">
    <subfield code="g">2</subfield>
    <subfield code="j">0</subfield>
    <subfield code="l">specs</subfield>
    <subfield code="n">Schoolbook Collection</subfield>
    <subfield code="o">-</subfield>
    <subfield code="p">$0.00</subfield>
    <subfield code="q"> </subfield>
    <subfield code="r"> </subfield>
    <subfield code="s">o</subfield>
    <subfield code="t">21</subfield>
    <subfield code="u">0</subfield>
    <subfield code="v">0</subfield>
    <subfield code="w">0</subfield>
    <subfield code="x">0</subfield>
    <subfield code="y">.i41413477</subfield>
    <subfield code="z">07-13-04</subfield>
  </datafield>
</record>
